@article{allaire2015rmarkdown,
      title={rmarkdown: Dynamic Documents for R},
        author={Allaire, J and Cheng, J and Xie, Yihui and McPherson, J and Chang, W and Allen, Jeff and Wickham, H and Hyndman, R},
          journal={R package version 0.5},
            year={2015}
}
